@inproceedings{stragiotti_enhanced_2022,
  address   = {Leeds, United Kingdom},
  title     = {Enhanced truss topology optimization ({TTO}) applied to a cellular wing box},
  url       = {https://hal.science/hal-04283287},
  abstract  = {Cellular architectured structures' most appealing characteristic is that they are able to create large structures assembling small repetitive components. Thanks to their modular nature, they bring interesting features among which reduced tooling, fast assembly, and short repair time. In the first part of the article, we formulate an optimizing method that minimizes the mass of a cellular architectured structure taking into account internal stresses, local buckling, and pattern repetition constraints. The proposed solving algorithm mitigates the appearance of local minima, a critical problem for discrete trusses. In the second part, the optimization method is applied to a real-size aeronautic application: the minimization of the mass of a cellular 3D wing box subject to lift and torsion loads. Compared to classic cell topologies, the proposed method found a cell 10-times lighter, at the cost of increased manufacturing difficulty.},
  urldate   = {2023-11-14},
  booktitle = {{ASMO}-{UK} 12 / {ASMO}-{Europe} 1 / {ISSMO} {Conference} on {Engineering} {Design} {Optimization} (2022)},
  author    = {Stragiotti, Enrico and Irisarri, François-Xavier and Julien, Cédric and Morlier, Joseph},
  month     = jul,
  year      = {2022},
  keywords  = {Optimisation, Optimisation Topologique, Structure Lattice, conf},
  file      = {HAL PDF Full Text:D\:\\estragio\\Zotero\\storage\\ZY7S5YZA\\Stragiotti et al. - 2022 - Enhanced truss topology optimization (TTO) applied.pdf:application/pdf}
}

@inproceedings{stragiotti_optimisation_2022,
  address    = {Presqu'ile de Giens, France},
  title      = {Optimisation des structures lattices : une comparaison entre le layout optimization et l'optimisation topologique},
  shorttitle = {Optimisation des structures lattices},
  url        = {https://hal.archives-ouvertes.fr/hal-03687214},
  abstract   = {Nous discutons et comparons deux méthodes d'optimisation structurale pertinentes pour les structures lattices : l'optimisation topologique et le layout optimization. Nous présentons une application originale de ces deux méthodes dans le cadre de la minimisation de la masse structures lattices cellules masse en tenant compte d'un critère de rupture en contrainte. Nous proposons ensuite une comparaison qualitative de ces deux méthodes et discutions de leur pertinence respective pour l'optimisation des structures lattices.},
  urldate    = {2022-11-24},
  booktitle  = {{CSMA} 2022 15ème {Colloque} {National} en {Calcul} des {Structures}},
  author     = {Stragiotti, Enrico and Irisarri, François-Xavier and Julien, Cédric and Morlier, Joseph},
  month      = may,
  year       = {2022},
  keywords   = {Layout optimisation, Optimisation topologique, Structures lattices, conf},
  file       = {HAL PDF Full Text:D\:\\estragio\\Zotero\\storage\\YPT33TVR\\Stragiotti et al. - 2022 - Optimisation des structures lattices  une compara.pdf:application/pdf}
}

@inproceedings{stragiotti_towards_2021,
  address    = {Lisbon, Portugal},
  title      = {Towards manufactured lattice structures: a comparison between layout and topology optimization},
  shorttitle = {Towards manufactured lattice structures},
  url        = {https://hal.archives-ouvertes.fr/hal-03384893},
  urldate    = {2021-10-22},
  booktitle  = {{AeroBest} 2021 {International} {Conference} on {Multidisciplinary} {Design} {Optimization} of {Aerospace} {Systems}. {Book} of proceedings},
  publisher  = {ECCOMAS},
  author     = {Stragiotti, Enrico and Irisarri, François-Xavier and Julien, Cédric and Morlier, Joseph},
  month      = jul,
  year       = {2021},
  keywords   = {Structural Optimization, Lattice Structures, Layout Optimization, Optimisation avec contraintes de stress, Optimisation des structures, Optimisation du Layout, Optimisation Topologique, Stress-Constrained Optimization, Structures Lattice, Topology Optimization, conf},
  pages      = {229--244},
  file       = {HAL PDF Full Text:D\:\\estragio\\Zotero\\storage\\LTHX869B\\Stragiotti et al. - 2021 - Towards manufactured lattice structures a compari.pdf:application/pdf}
}


@misc{stragiotti_truss_2023,
	title = {Truss {Topology} {Optimization} with {Topological} {Buckling} {Constraints} {Data} {Set}},
	copyright = {Creative Commons Attribution 4.0 International},
	doi = {10.17632/BW7XB2W6ST.1},
	urldate = {2023-05-03},
	publisher = {Mendeley},
	author = {Stragiotti, Enrico and Irisarri, François-Xavier and Julien, Cédric and Morlier, Joseph},
	month = may,
	year = {2023},
  keywords   = {Structural Optimization, Lattice Structures, Layout Optimization, Optimisation avec contraintes de stress, Optimisation des structures, Optimisation du Layout, Optimisation Topologique, Stress-Constrained Optimization, Structures Lattice, Topology Optimization, misc},
}

@article{stragiotti_efficient_2024,
  title     = {Efficient 3D truss topology optimization for aeronautical structures (in press)},
  doi       = {10.1007/s00158-024-03739-5},
  language  = {en},
  journal   = {Structural and Multidisciplinary Optimization},
  author    = {Stragiotti, Enrico and Irisarri, François-Xavier and Julien, Cédric and Morlier, Joseph},
  month     = jan,
  year      = {2024},
  keywords  = {art,},
}